<collection xmlns="http://www.loc.gov/MARC21/slim">
<record>
  <leader>01130nam0a22002171i 450 </leader>
  <controlfield tag="001">IT\ICCU\CNCE\051286</controlfield>
  <controlfield tag="005">20010507000000.0</controlfield>
  <datafield tag="100" ind1=" " ind2=" ">
    <subfield code="a">20001213d1538        0itac0103    ba</subfield>
  </datafield>
  <datafield tag="101" ind1=" " ind2=" ">
    <subfield code="a">LAT</subfield>
  </datafield>
  <datafield tag="102" ind1=" " ind2=" ">
    <subfield code="a">IT</subfield>
  </datafield>
  <datafield tag="200" ind1="1" ind2=" ">
    <subfield code="a">Institutiones iuris civilis. Habes lector in novissima hac editione: textum ac glosas ... una cum additionibus hucusque impressis ... Omnia edita per clarissimum iureconsultum dominum Sylvestrum Aldobrandinum ... Additus  est ... index copiosissimus ...</subfield>
  </datafield>
  <datafield tag="210" ind1=" " ind2=" ">
    <subfield code="a">Venetiis</subfield>
    <subfield code="c">apud haeredes Luceantonij Junte</subfield>
    <subfield code="d">1538</subfield>
  </datafield>
  <datafield tag="215" ind1=" " ind2=" ">
    <subfield code="a">\55!, 368 p.</subfield>
    <subfield code="d">8ʻ</subfield>
  </datafield>
  <datafield tag="300" ind1=" " ind2=" ">
    <subfield code="a">ELIMINATA perch ̈ ̈l&apos;ed. 1539 (1538) che avevamo gi ̉13468</subfield>
  </datafield>
  <datafield tag="620" ind1=" " ind2=" ">
    <subfield code="a">IT</subfield>
    <subfield code="d">Venezia</subfield>
  </datafield>
  <datafield tag="702" ind1=" " ind2="1">
    <subfield code="a">Aldobrandini,</subfield>
    <subfield code="b">Silvestro</subfield>
    <subfield code="3">IT\ICCU\CNCA\000577</subfield>
  </datafield>
  <datafield tag="712" ind1="0" ind2="0">
    <subfield code="a">Giunta, Lucantonio</subfield>
    <subfield code="c"> &lt;1.&gt; - eredi</subfield>
    <subfield code="3">IT\ICCU\CNCT\000312</subfield>
    <subfield code="4">650</subfield>
  </datafield>
  <datafield tag="790" ind1=" " ind2="1">
    <subfield code="a">Aldobrandinus,</subfield>
    <subfield code="b">Sylvestrus</subfield>
    <subfield code="3">IT\ICCU\CNCA\018651</subfield>
    <subfield code="z">Aldobrandini, Silvestro</subfield>
  </datafield>
  <datafield tag="801" ind1=" " ind2="3">
    <subfield code="a">IT</subfield>
    <subfield code="b">ICCU</subfield>
    <subfield code="c">20201115</subfield>
  </datafield>
  <datafield tag="899" ind1=" " ind2=" ">
    <subfield code="a">Biblioteca delle Facolt ̉di giurisprudenza e di lettere e filosofia dell&apos;Universit ̉degli studi di Milano. Milano</subfield>
    <subfield code="1">MI0190</subfield>
    <subfield code="2">USM A6</subfield>
  </datafield>
  <datafield tag="899" ind1=" " ind2=" ">
    <subfield code="a">Biblioteca comunale Fabrizio Trisi. Lugo</subfield>
    <subfield code="1">RA0025</subfield>
    <subfield code="2">RAV CE</subfield>
  </datafield>
</record>
</collection>
